@Manual{JTAGintel,
  author	   = {Randy Johnson, Stewart Christie},
  title        = {JTAG 101 - IEEE 1149.x and Software},
  year         = {January 2009 },
  number       = {321095},
  note         = {},
  organization = {Intel Corporation},
  url          = {https://www.intel.com/content/dam/www/public/us/en/documents/white-papers/jtag-101-ieee-1149x-paper.pdf},
}


@Manual{GuideMSPStack,
  title        = {Developer's Guide - MSPDebugStack},
  year         = {015},
  number       = {SLAU656B},
  note         = {Revised June 2016},
  organization = {Texas Instrument},
  url          = {https://www.ti.com/lit/ug/slau656b/slau656b.pdf?ts=1594684069406},
}


@ARTICLE{6515989,
  author={},
  journal={IEEE Std 1149.1-2013 (Revision of IEEE Std 1149.1-2001)}, 
  title={IEEE Standard for Test Access Port and Boundary-Scan Architecture}, 
  year={2013},
  volume={},
  number={},
  pages={1-444},}
  
  
@ARTICLE{5412866,
  author={},
  journal={IEEE Std 1149.7-2009}, 
  title={IEEE Standard for Reduced-Pin and Enhanced-Functionality Test Access Port and Boundary-Scan Architecture}, 
  year={2010},
  volume={},
  number={},
  pages={1-985},}
  
  
@article{articleSamekEmbedded,
author = {Samek, Miro and Ward, Robert},
year = {2006},
month = {07},
pages = {},
title = {Build a Super Simple Tasker},
volume = {July},
journal = {Embedded Systems Design}
}

@book{book:1689974,
   title =     {Electronic Measurement and Instrumentation},
   author =    {R.S. Sedha},
   publisher = {S Chand \& Co Ltd},
   isbn =      {8121997755, 978-8121997751},
   year =      {2013},
   series =    {},
   edition =   {},
   volume =    {},
   url =       {}
}


@book{book:28601,
   title =     {Principles of Sigma Delta Conversion for Analog to Digital Converters},
   author =    {Sangil P.},
   publisher = {},
   isbn =      {},
   year =      {},
   series =    {},
   edition =   {},
   volume =    {},
   url =       {}
}

@misc{NIDataAdquisition,
  author = {{NationalInstrument}},
  title = {¿Qué es Adquisición de Datos?},
  url = {https://www.ni.com/data-acquisition/what-is/esa/},
  note = {Disponible: 2019-11-04},
  year = {2019}
}

@misc{ADCref,
  author = {{NationalInstrument}},
  title = {¿Qué es Adquisición de Datos?},
  url = {http://www.onmyphd.com/?p=analog.digital.converter#h2_whatis},
  note = {Disponible: 2019-11-06},
  year = {2019}
}
http://www.onmyphd.com/?p=analog.digital.converter


@article{articleDM,
author = {Micheal, C. and Ogungbenro, O.A. and Okafor, Kennedy},
year = {2011},
month = {01},
pages = {189-192},
title = {Digital Metering System: A Better Alternative for Electromechanical Energy Meter in Nigeria},
volume = {3},
journal = {International Journal of Academic Research}
}

@article{761852,
author={},
journal={IEEE Std 399-1997},
title={IEEE Recommended Practice for Industrial and Commercial Power Systems Analysis (Brown Book)},
year={1998},
volume={},
number={},
pages={1-488},
keywords={cable ampacity;dc power system studies;ground mat studies;harmonic analysis;load flow studies;motor-starting studies;power system analysis;power system modeling;power system studies;protective coordination studies;reliability studies;short-circuit studies},
doi={10.1109/IEEESTD.1998.88568},
ISSN={},
month={Aug},}

@article{Hribik2004DigitalPA,
  title={Digital Power and Energy Measurement},
  author={J{\'a}n Hribik and Peter Fuchs and Miloslav Hruskovic and Rastislav Mich{\'a}lek and Branislav Lojko and Fei Sut},
  year={2004}
}

@misc{CIAA,
  author = {{Proyecto CIAA}},
  title = {Computadora Industrial Abierta Argentina},
  url = {http://proyecto-ciaa.com.ar/devwiki/doku.php?id=start},
  note = {Disponible: 2016-06-25},
  year = {2014}
}

@misc{lpcopen,
   author =	{{NXP Semiconductors}},
   title =	{LPCOPEN v2.16 Drivers, Middleware and Examples},
   url =		{http://www.nxp.com/products/microcontrollers-and-processors/arm-processors/lpc-cortex-m-mcus/software-tools/lpcopen-libraries-and-examples:LPC-OPEN-LIBRARIES},
   note =	{Disponible: 2016-06-25},
 }
 
@MISC{contrib,
   author =	{{Savannah}},
   title =	{lwIP - A Lightweight TCP/IP stack},
   url =		{http://git.savannah.gnu.org/cgit/lwip/lwip-contrib.git},
   note =	{Disponible: 2016-06-25},
 }

@MISC{webserver,
   author =	{{Savannah}},
   title =	{lwIP - Wiki - Sample Web Server},
   url =		{ http://lwip.wikia.com/wiki/Sample_Web_Server},
   note =	{Disponible: 2016-06-25},
 } 


@MISC{ciaaFirmware,
   author =	{{Proyecto CIAA}},
   title =	{CIAA Firmware Project.},
   url =		{https://github.com/ciaa/Firmware},
   note =	{Disponible: 2016-06-25},
 }

 
@MISC{ws-ridolfi,
   author =	{Pablo Ridolfi},
   title =	{Embedded software development workspace for microcontrollers.},
   url =		{https://github.com/pridolfi/workspace},
   note =	{Disponible: 2016-06-25},
 }
 
@manual{dallas:ds18b20,
    organization  = "Dallas Semiconductor",
    title         = "DS18B20 Programmable Resolution 1-Wire Digital Thermometer",
    number        = "050400",
    year          =  2015,
    note          = "Rev. 3"
}

@MISC{sensor_pH,
   author =	{dfRobot},
   title =	{PH meter(SKU: SEN0161)},
   url =		{http://www.dfrobot.com/wiki/index.php?title=PH_meter(SKU:_SEN0161)},
   note =	{Disponible: 2016-06-25},
}


@article{OSI,
author={H. Zimmermann},
journal={IEEE Transactions on Communications},
title={OSI Reference Model - The ISO Model of Architecture for Open Systems Interconnection},
year={1980},
volume={28},
number={4},
pages={425-432},
keywords={Computer communications;Standards;Computer aided manufacturing;Computer architecture;Computer networks;Constitution;ISO standards;Open systems;Protocols;Standardization;Standards development;Standards organizations},
doi={10.1109/TCOM.1980.1094702},
ISSN={0090-6778},
month={4},}

@misc{rfc2616,
	series =	{Request for Comments},
	number=		2616,
	howpublished=	{RFC 2616},
	publisher =	{RFC Editor},
	doi =		{10.17487/rfc2616},
	url =		{https://rfc-editor.org/rfc/rfc2616.txt},
	author=		{Jeffrey Mogul and Larry M Masinter and Roy T. Fielding and Jim Gettys and Paul J. Leach and Tim Berners-Lee},
	title=		{{Hypertext Transfer Protocol -- HTTP/1.1}},
	pagetotal =	176,
	year =		2013,
	month =		3,
	day =		2,
	abstract =	{HTTP has been in use by the World-Wide Web global information initiative since 1990. This specification defines the protocol referred to as &quot;HTTP/1.1&quot;, and is an update to RFC 2068. [STANDARDS-TRACK]},
}

@misc{rfc3875,
	series =	{Request for Comments},
	number=		3875,
	howpublished=	{RFC 3875},
	publisher =	{RFC Editor},
	doi =		{10.17487/rfc3875},
	url =		{https://rfc-editor.org/rfc/rfc3875.txt},
	author=		{David Robinson},
	title=		{{The Common Gateway Interface (CGI) Version 1.1}},
	pagetotal =	36,
	year =		2013,
	month =		mar,
	day =		20,
	abstract =	{The Common Gateway Interface (CGI) is a simple interface for running external programs, software or gateways under an information server in a platform-independent manner. Currently, the supported information servers are HTTP servers.},
}

@misc{rfc7540,
	series =	{Request for Comments},
	number=		7540,
	howpublished=	{RFC 7540},
	publisher =	{RFC Editor},
	doi =		{10.17487/rfc7540},
	url =		{https://rfc-editor.org/rfc/rfc7540.txt},
	author=		{Mike Belshe and Roberto Peon and Martin Thomson},
	title=		{{Hypertext Transfer Protocol Version 2 (HTTP/2)}},
	pagetotal =	96,
	year =		2015,
	month =		nov,
	day =		18,
	abstract =	{This specification describes an optimized expression of the semantics of the Hypertext Transfer Protocol (HTTP), referred to as HTTP version 2 (HTTP/2). HTTP/2 enables a more efficient use of network resources and a reduced perception of latency by introducing header field compression and allowing multiple concurrent exchanges on the same connection. It also introduces unsolicited push of representations from servers to clients.},
}



